<record><leader>00000cas a22000007a 4500</leader><controlfield tag="001">31991500</controlfield><controlfield tag="008">950214d18971900okuwr n       0    0eng d</controlfield><datafield ind1=" " ind2=" " tag="010"><subfield code="a">sn 95076037 </subfield></datafield><datafield ind1=" " ind2=" " tag="040"><subfield code="a">OBN</subfield><subfield code="b">eng</subfield><subfield code="c">OBN</subfield><subfield code="d">OCL</subfield><subfield code="d">OCLCQ</subfield><subfield code="d">OCLCF</subfield><subfield code="d">OCLCO</subfield></datafield><datafield ind1="1" ind2=" " tag="029"><subfield code="a">AU@</subfield><subfield code="b">000011579795</subfield></datafield><datafield ind1=" " ind2=" " tag="042"><subfield code="a">msc</subfield></datafield><datafield ind1=" " ind2=" " tag="043"><subfield code="a">n-us-ok</subfield></datafield><datafield ind1="0" ind2="4" tag="245"><subfield code="a">The Democrat-topic.</subfield></datafield><datafield ind1="3" ind2="0" tag="246"><subfield code="a">Territorial topic and state democrat</subfield></datafield><datafield ind1="3" ind2="0" tag="246"><subfield code="a">Cleveland County democrat</subfield></datafield><datafield ind1=" " ind2=" " tag="260"><subfield code="a">Norman, Cleveland County, Okla. :</subfield><subfield code="b">G.W. Tracy</subfield></datafield><datafield ind1=" " ind2=" " tag="300"><subfield code="a">v.</subfield></datafield><datafield ind1=" " ind2=" " tag="310"><subfield code="a">Weekly</subfield></datafield><datafield ind1="1" ind2=" " tag="362"><subfield code="a">Began in Apr. 1897.</subfield></datafield><datafield ind1=" " ind2=" " tag="588"><subfield code="a">Description based on: Vol. 8, no. 39 (Apr. 30, 1897).</subfield></datafield><datafield ind1=" " ind2="0" tag="651"><subfield code="a">Norman (Okla.)</subfield><subfield code="v">Newspapers.</subfield></datafield><datafield ind1=" " ind2="0" tag="651"><subfield code="a">Cleveland County (Okla.)</subfield><subfield code="v">Newspapers.</subfield></datafield><datafield ind1=" " ind2="7" tag="655"><subfield code="a">Newspapers.</subfield><subfield code="2">fast</subfield><subfield code="0">(OCoLC)fst01423814</subfield></datafield><datafield ind1=" " ind2="7" tag="651"><subfield code="a">Oklahoma</subfield><subfield code="z">Cleveland County.</subfield><subfield code="2">fast</subfield><subfield code="0">(OCoLC)fst01223119</subfield></datafield><datafield ind1=" " ind2="7" tag="651"><subfield code="a">Oklahoma</subfield><subfield code="z">Norman.</subfield><subfield code="2">fast</subfield><subfield code="0">(OCoLC)fst01209423</subfield></datafield><datafield ind1=" " ind2=" " tag="752"><subfield code="a">United States</subfield><subfield code="b">Oklahoma</subfield><subfield code="c">Cleveland</subfield><subfield code="d">Norman.</subfield></datafield><datafield ind1="0" ind2="4" tag="780"><subfield code="t">Territorial topic</subfield><subfield code="w">(DLC)sn 86064147</subfield><subfield code="w">(OCoLC)13764429</subfield></datafield><datafield ind1="0" ind2="4" tag="780"><subfield code="t">State democrat (Norman, Okla.)</subfield><subfield code="w">(DLC)sn 95076035</subfield><subfield code="w">(OCoLC)31991063</subfield></datafield><datafield ind1="0" ind2="0" tag="785"><subfield code="t">Norman democrat-topic</subfield><subfield code="w">(DLC)sn 95076040</subfield><subfield code="w">(OCoLC)32009993</subfield></datafield></record>